@INPROCEEDINGS{09_TamingGoogleTesting,
author={A. {Memon} and {Zebao Gao} and {Bao Nguyen} and S. {Dhanda} and E. {Nickell} and R. {Siemborski} and J. {Micco}},
booktitle={2017 IEEE/ACM 39th International Conference on Software Engineering: Software Engineering in Practice Track (ICSE-SEIP)},
title={Taming Google-scale continuous testing},
year={2017},
volume={},
number={},
pages={233-242},
keywords={program testing;Google-scale continuous testing;continuous integration;code check-ins;test result feedback;Google;Testing;Delays;Tools;Computer languages;Software engineering;Electronic mail;software testing;continuous integration;selection},
doi={10.1109/ICSE-SEIP.2017.16},
ISSN={},
month={May},}

@misc{SurveyAutomatedLogging,
      title={A Survey on Automated Log Analysis for Reliability Engineering}, 
      author={Shilin He and Pinjia He and Zhuangbin Chen and Tianyi Yang and Yuxin Su and Michael R. Lyu},
      year={2020},
      eprint={2009.07237},
      archivePrefix={arXiv},
      primaryClass={cs.SE}
}
@INPROCEEDINGS{losslessCompression,
  author={R. {Balakrishnan} and R. K. {Sahoo}},
  booktitle={Proceedings 20th IEEE International Parallel   Distributed Processing Symposium}, 
  title={Lossless compression for large scale cluster logs}, 
  year={2006},
  volume={},
  number={},
  pages={7 pp.-},
  doi={10.1109/IPDPS.2006.1639692}}

@inproceedings{fastCompression,
  title={Fast and efficient log file compression},
  author={Skibi{\'n}ski, Przemys{\l}aw and Swacha, Jakub},
  booktitle={proceedings of 11th east-European conference on advances in databases and information systems (ADBIS)},
  pages={330--342},
  year={2007}
}
@inproceedings{industryCompression,
author = {Hassan, Ahmed E. and Martin, Daryl J. and Flora, Parminder and Mansfield, Paul and Dietz, Dave},
title = {An Industrial Case Study of Customizing Operational Profiles Using Log Compression},
year = {2008},
isbn = {9781605580791},
publisher = {Association for Computing Machinery},
address = {New York, NY, USA},
url = {https://doi.org/10.1145/1368088.1379445},
doi = {10.1145/1368088.1379445},
booktitle = {Proceedings of the 30th International Conference on Software Engineering},
pages = {713â€“723},
numpages = {11},
location = {Leipzig, Germany},
series = {ICSE '08}
}
